
@techreport{wintz_report_2023,
	title = {\reporttitle},
	author = {Wintz, Paul K. and Sanfelice, Ricardo G.},
	year = {2023},
	keywords = {notion},
	institution = {University of California, Santa Cruz, Department of Electrical and Computer Engineering},
	note = {URL: \href{https://hybrid.soe.ucsc.edu/sites/default/files/preprints/TR-HSL-01-2023.pdf}{\texttt{hybrid.soe.ucsc.edu/sites/default/\\files/preprints/TR-HSL-01-2023.pdf}}\\Password: \texttt{barrier23}},
}
}
