@ARTICLE{1, 
author={Y. Kikuya and S. M. Dibaji and H. Ishii}, 
journal={IEEE Transactions on Control of Network Systems}, 
title={Fault Tolerant Clock Synchronization over Unreliable Channels in Wireless Sensor Networks}, 
year={2018}, 
volume={}, 
number={}, 
pages={1-1}, 
keywords={Synchronization;Wireless sensor networks;Clocks;Robustness;Algorithm design and analysis;Protocols;Delays}, 
doi={10.1109/TCNS.2017.2732169}, 
ISSN={2325-5870}, 
month={},}

@ARTICLE{3,
  title={A hybrid consensus protocol for pointwise exponential stability with intermittent information},
  author={Phillips, Sean and Li, Yuchun and Sanfelice, Ricardo G},
  journal={IFAC-PapersOnLine},
  volume={49},
  number={18},
  pages={146--151},
  year={2016},
  publisher={Elsevier}
}

@BOOK{4,
 ISBN = {9780691153896},
 author = {Rafal Goebel and Ricardo G. Sanfelice and Andrew R. Teel},
 publisher = {Princeton University Press},
 title = {Hybrid Dynamical Systems: Modeling, Stability, and Robustness},
 year = {2012}
}

@ARTICLE{5, 
author={R. Olfati-Saber and R. M. Murray}, 
journal={IEEE Transactions on Automatic Control}, 
title={Consensus problems in networks of agents with switching topology and time-delays}, 
year={2004}, 
volume={49}, 
number={9}, 
pages={1520-1533},  
doi={10.1109/TAC.2004.834113}, 
ISSN={0018-9286}, 
month={Sept},}

@BOOK{6,
  title={Algebraic Graph Theory},
  author={Christopher D. Godsil and Gordon F. Royle},
  booktitle={Graduate texts in mathematics},
  year={2001}
}

@ARTICLE{7,
  title={Average timesynch: A consensus-based protocol for clock synchronization in wireless sensor networks},
  author={Schenato, Luca and Fiorentin, Federico},
  journal={Automatica},
  volume={47},
  number={9},
  pages={1878--1886},
  year={2011},
  publisher={Elsevier}
}

@ARTICLE{97,
	title = {State estimation of linear systems in the presence of sporadic measurements},
	journal = {Automatica},
	volume ={73},
	pages ={101 - 109},
	year ={2016},
	issn ={0005-1098},
	author ={Francesco Ferrante and Frédéric Gouaisbaut and Ricardo G. Sanfelice and Sophie Tarbouriech},
	keywords ={Hybrid systems, Linear systems, Observers, Convex optimization}
}

@article{8,
 author = {Elson, Jeremy and Girod, Lewis and Estrin, Deborah},
 title = {Fine-grained Network Time Synchronization Using Reference Broadcasts},
 journal = {SIGOPS Oper. Syst. Rev.},
 issue_date = {Winter 2002},
 volume = {36},
 number = {SI},
 year = {2002},
 issn = {0163-5980},
 pages = {147--163},
 numpages = {17},
 url = {http://doi.acm.org/10.1145/844128.844143},
 doi = {10.1145/844128.844143},
 acmid = {844143},
 publisher = {ACM},
 address = {New York, NY, USA},
}
 
@article{9,
 author = {Ganeriwal, Saurabh and Kumar, Ram and Srivastava, Mani B.},
 title = {Timing-sync Protocol for Sensor Networks},
 booktitle = {Proceedings of the 1st International Conference on Embedded Networked Sensor Systems},
 series = {SenSys '03},
 year = {2003},
 isbn = {1-58113-707-9},
 location = {Los Angeles, California, USA},
 pages = {138--149},
 numpages = {12},
 url = {http://doi.acm.org/10.1145/958491.958508},
 doi = {10.1145/958491.958508},
 acmid = {958508},
 publisher = {ACM},
 address = {New York, NY, USA},
 keywords = {clock drift, medium access control, packet delay, sensor networks, time synchronization},
}

@INPROCEEDINGS{10, 
author={J. {He} and P. {Cheng} and L. {Shi} and J. {Chen}}, 
booktitle={2011 50th IEEE Conference on Decision and Control and European Control Conference}, 
title={Time synchronization in WSNs: A maximum value based consensus approach}, 
year={2011}, 
volume={}, 
number={}, 
pages={7882-7887}, 
keywords={synchronisation;wireless sensor networks;maximum value based consensus approach;synchronization algorithm;wireless sensor networks;maximum time synchronization;global synchronization;consensus-based synchronization protocol;upper bound;convergence time;Synchronization;Clocks;Wireless sensor networks;Hardware;Protocols;Convergence;Peer to peer computing}, 
doi={10.1109/CDC.2011.6161443}, 
ISSN={0191-2216}, 
month={Dec},}

@ARTICLE{11, 
author={K. {Narendra} and A. {Annaswamy}}, 
journal={IEEE Transactions on Automatic Control}, 
title={A new adaptive law for robust adaptation without persistent excitation}, 
year={1987}, 
volume={32}, 
number={2}, 
pages={134-145}, 
keywords={Adaptive control, linear systems;Robustness, linear systems;Robustness;Adaptive control;Adaptive systems;Programmable control;Robust control;Equations;Error correction}, 
doi={10.1109/TAC.1987.1104543}, 
ISSN={0018-9286}, 
month={February},}

@electronic{12,
	author={M. Guarro and R. G. Sanfelice.},
	title={A Distributed Hybrid Algorithm for Time Synchronization},
	journal={Technical Report},
	url = { https://hybrid.soe.ucsc.edu/sites/default/files/preprints/TR-HSL-06-2019.pdf },
	note = {URL: https://hybrid.soe.ucsc.edu/sites/default/files/preprints/TR-HSL-06-2019.pdf PW : HySync-06-2019},
	year={2019},}

@article{mills1991internet,
  title={Internet time synchronization: the network time protocol},
  author={Mills, David L},
  journal={IEEE Transactions on communications},
  volume={39},
  number={10},
  pages={1482--1493},
  year={1991},
  publisher={IEEE}
}

@article{wu2010clock,
  title={Clock synchronization of wireless sensor networks},
  author={Wu, Yik-Chung and Chaudhari, Qasim and Serpedin, Erchin},
  journal={IEEE Signal Processing Magazine},
  volume={28},
  number={1},
  pages={124--138},
  year={2010},
  publisher={IEEE}
}

@article{carli2008pi,
  title={A PI consensus controller for networked clocks synchronization},
  author={Carli, Ruggero and Chiuso, Alessandro and Schenato, Luca and Zampieri, Sandro},
  journal={IFAC Proceedings Volumes},
  volume={41},
  number={2},
  pages={10289--10294},
  year={2008},
  publisher={Elsevier}
}

@article{carli2014TAC,
author={R. {Carli} and S. {Zampieri}},
journal={IEEE Transactions on Automatic Control},
title={Network Clock Synchronization Based on the Second-Order Linear Consensus Algorithm},
year={2014},
volume={59},
number={2},
pages={409-422},
keywords={distributed algorithms;synchronisation;wireless sensor networks;network clock synchronization;second order linear consensus algorithm;distributed algorithm;identical double integrators;heterogeneous double integrators;noisy double integrators;pseudo-synchronous algorithm;process noise;measurement noise;propagation delay;numerical simulation;asymptotic synchronization;time-varying clock drifts;Synchronization;Protocols;Clocks;Delays;Noise;Oscillators;Nickel;Distributed algorithms;synchronization;wireless sensor networks (WSNs)},
doi={10.1109/TAC.2013.2283742},
ISSN={},
month={Feb},}

@article{fax2004TAC,
author={J. A. {Fax} and R. M. {Murray}},
journal={IEEE Transactions on Automatic Control},
title={Information flow and cooperative control of vehicle formations},
year={2004},
volume={49},
number={9},
pages={1465-1476},
keywords={vehicles;graph theory;time-varying systems;stability;traffic control;cooperative systems;position control;control system synthesis;information flow;cooperative control;intervehicle communication;graph theory;communication network;Nyquist criterion;graph Laplacian matrix;dynamical systems;multivehicle control;communication topology;formation stability;decentralized information exchange;Vehicles;Communication system control;Network topology;Graph theory;Communication networks;Eigenvalues and eigenfunctions;Laplace equations;Matrix decomposition;Stability criteria;Robust control},
doi={10.1109/TAC.2004.834433},
ISSN={},
month={Sep.},}